
@article{ref_rahman,
	title = {Quantitative {CMR} population imaging on 20,000 subjects of the {UK} {Biobank} imaging study: {LV}/{RV} quantification pipeline and its evaluation},
	volume = {56},
	issn = {13618415},
	shorttitle = {Quantitative {CMR} population imaging on 20,000 subjects of the {UK} {Biobank} imaging study},
	doi = {10.1016/j.media.2019.05.006},
	language = {en},
	journal = {Medical Image Analysis},
	author = {Attar, Rahman and Pereañez, Marco and Gooya, Ali and Albà, Xènia and Zhang, Le and de Vila, Milton Hoz and Lee, Aaron M. and Aung, Nay and Lukaschuk, Elena and Sanghvi, Mihir M. and Fung, Kenneth and Paiva, Jose Miguel and Piechnik, Stefan K. and Neubauer, Stefan and Petersen, Steffen E. and Frangi, Alejandro F.},
	month = aug,
	year = {2019},
	pages = {26--42}
}

@article{ref_ukbb_cmr,
	title = {Imaging in population science: cardiovascular magnetic resonance in 100,000 participants of {UK} {Biobank} - rationale, challenges and approaches},
	volume = {15},
	issn = {1532-429X},
	shorttitle = {Imaging in population science},
	doi = {10.1186/1532-429X-15-46},
	language = {en},
	number = {1},
	journal = {Journal of Cardiovascular Magnetic Resonance},
	author = {Petersen, Steffen E and Matthews, Paul M and Bamberg, Fabian and Bluemke, David A and Francis, Jane M and Friedrich, Matthias G and Leeson, Paul and Nagel, Eike and Plein, Sven and Rademakers, Frank E and Young, Alistair A and Garratt, Steve and Peakman, Tim and Sellors, Jonathan and Collins, Rory and Neubauer, Stefan},
	month = dec,
	year = {2013},
	pages = {46}
}

@article{ref_biffi,
	title = {Three-dimensional cardiovascular imaging-genetics: a mass univariate framework},
	volume = {34},
	issn = {1367-4803, 1460-2059},
	shorttitle = {Three-dimensional cardiovascular imaging-genetics},
	doi = {10.1093/bioinformatics/btx552},
	language = {en},
	number = {1},
	journal = {Bioinformatics},
	author = {Biffi, Carlo and de Marvao, Antonio and Attard, Mark I and Dawes, Timothy J W and Whiffin, Nicola and Bai, Wenjia and Shi, Wenzhe and Francis, Catherine and Meyer, Hannah and Buchan, Rachel and Cook, Stuart A and Rueckert, Daniel and O’Regan, Declan P},
	editor = {Murphy, Robert},
	month = jan,
	year = {2018},
	pages = {97--103}
}

@article{ref_pirruccello,
	title = {Analysis of cardiac magnetic resonance imaging in 36,000 individuals yields genetic insights into dilated cardiomyopathy},
	volume = {11},
	issn = {2041-1723},
	doi = {10.1038/s41467-020-15823-7},
	language = {en},
	number = {1},
	journal = {Nature Communications},
	author = {Pirruccello, James P. and Bick, Alexander and Wang, Minxian and Chaffin, Mark and Friedman, Samuel and Yao, Jie and Guo, Xiuqing and Venkatesh, Bharath Ambale and Taylor, Kent D. and Post, Wendy S. and Rich, Stephen and Lima, Joao A. C. and Rotter, Jerome I. and Philippakis, Anthony and Lubitz, Steven A. and Ellinor, Patrick T. and Khera, Amit V. and Kathiresan, Sekar and Aragam, Krishna G.},
	month = dec,
	year = {2020}
}

@article{ref_nayaung,
	title = {Genome-{Wide} {Analysis} of {Left} {Ventricular} {Image}-{Derived} {Phenotypes} {Identifies} {Fourteen} {Loci} {Associated} {With} {Cardiac} {Morphogenesis} and {Heart} {Failure} {Development}},
	volume = {140},
	issn = {0009-7322, 1524-4539},
	doi = {10.1161/CIRCULATIONAHA.119.041161},
	language = {en},
	number = {16},
	journal = {Circulation},
	author = {Aung, Nay and Vargas, Jose D. and Yang, Chaojie and Cabrera, Claudia P. and Warren, Helen R. and Fung, Kenneth and Tzanis, Evan and Barnes, Michael R. and Rotter, Jerome I. and Taylor, Kent D. and Manichaikul, Ani W. and Lima, Joao A.C. and Bluemke, David A. and Piechnik, Stefan K. and Neubauer, Stefan and Munroe, Patricia B. and Petersen, Steffen E.},
	month = oct,
	year = {2019},
	pages = {1318--1330}
}

@article{ref_ukbb,
	title = {The {UK} {Biobank} resource with deep phenotyping and genomic data},
	volume = {562},
	issn = {0028-0836, 1476-4687},
	doi = {10.1038/s41586-018-0579-z},
	language = {en},
	number = {7726},
	journal = {Nature},
	author = {Bycroft, Clare and Freeman, Colin and Petkova, Desislava and Band, Gavin and Elliott, Lloyd T. and Sharp, Kevin and Motyer, Allan and Vukcevic, Damjan and Delaneau, Olivier and O’Connell, Jared and Cortes, Adrian and Welsh, Samantha and Young, Alan and Effingham, Mark and McVean, Gil and Leslie, Stephen and Allen, Naomi and Donnelly, Peter and Marchini, Jonathan},
	month = oct,
	year = {2018},
	pages = {203--209}
}

@article {ref_ukbb_genetics,
	author = {Bycroft, Clare and Freeman, Colin and Petkova, Desislava and Band, Gavin and Elliott, Lloyd T. and Sharp, Kevin and Motyer, Allan and Vukcevic, Damjan and Delaneau, Olivier and O{\textquoteright}Connell, Jared and Cortes, Adrian and Welsh, Samantha and McVean, Gil and Leslie, Stephen and Donnelly, Peter and Marchini, Jonathan},
	title = {Genome-wide genetic data on $\sim$500,000 {UK} {B}iobank participants},
	elocation-id = {166298},
	year = {2017},
	doi = {10.1101/166298},
	publisher = {Cold Spring Harbor Laboratory},
	eprint = {https://www.biorxiv.org/content/early/2017/07/20/166298.full.pdf},
	journal = {bioRxiv}
}

@ARTICLE{ref_bronstein_geom_DL,  
author={{Bronstein}, Michael M. and {Bruna}, Joan and {LeCun}, Yann and {Szlam}, Arthur and Vandergheynst, Pierre},  
journal={IEEE Signal Processing Magazine},   
title={Geometric Deep Learning: Going beyond Euclidean data},   year={2017},  volume={34},  number={4},  pages={18-42},  doi={10.1109/MSP.2017.2693418}}

@inproceedings{ref_spectral_graph_conv,
  title = {Convolutional Neural Networks on Graphs with Fast Localized Spectral Filtering},
  author = {Defferrard, Micha\"el and Bresson, Xavier and Vandergheynst, Pierre},
  booktitle = {Advances in Neural Information Processing Systems},
  year = {2016},
  url = {https://arxiv.org/abs/1606.09375},
}

@inproceedings{ref_multix,
	address = {Madrid, Spain},
	title = {{MULTI}-{X}, a {State}-of-the-{Art} {Cloud}-{Based} {Ecosystem} for {Biomedical} {Research}},
	isbn = {978-1-5386-5488-0},
	doi = {10.1109/BIBM.2018.8621317},
	booktitle = {2018 {IEEE} {International} {Conference} on {Bioinformatics} and {Biomedicine} ({BIBM})},
	publisher = {IEEE},
	author = {de Vila, Milton Hoz and Attar, Rahman and Pereanez, Marco and Frangi, Alejandro F.},
	month = dec,
	year = {2018},
	pages = {1726--1733}
}

@incollection{ref_coma,
	address = {Cham},
	title = {Generating {3D} {Faces} {Using} {Convolutional} {Mesh} {Autoencoders}},
	volume = {11207},
	isbn = {978-3-030-01218-2 978-3-030-01219-9},
	booktitle = {Computer {Vision} – {ECCV} 2018},
	publisher = {Springer International Publishing},
	author = {Ranjan, Anurag and Bolkart, Timo and Sanyal, Soubhik and Black, Michael J.},
	editor = {Ferrari, Vittorio and Hebert, Martial and Sminchisescu, Cristian and Weiss, Yair},
	year = {2018},
	doi = {10.1007/978-3-030-01219-9\_43},
	pages = {725--741}
}

@article{ref_gwas_plos,
    author = {Bush, William S. and Moore, Jason H.},
    journal = {PLOS Computational Biology},
    publisher = {Public Library of Science},
    title = {Chapter 11: Genome-Wide Association Studies},
    year = {2012},
    month = {12},
    volume = {8},
    url = {https://doi.org/10.1371/journal.pcbi.1002822},
    pages = {1-11},
    abstract = {Genome-wide association studies (GWAS) have evolved over the last ten years into a powerful tool for investigating the genetic architecture of human disease. In this work, we review the key concepts underlying GWAS, including the architecture of common diseases, the structure of common human genetic variation, technologies for capturing genetic information, study designs, and the statistical methods used for data analysis. We also look forward to the future beyond GWAS.},
    number = {12},
    doi = {10.1371/journal.pcbi.1002822}
}


@article{ref_gwas_review,
	title = {10 {Years} of {GWAS} {Discovery}: {Biology}, {Function}, and {Translation}},
	volume = {101},
	issn = {00029297},
	shorttitle = {10 {Years} of {GWAS} {Discovery}},
	doi = {10.1016/j.ajhg.2017.06.005},
	language = {en},
	number = {1},
	journal = {The American Journal of Human Genetics},
	author = {Visscher, Peter M. and Wray, Naomi R. and Zhang, Qian and Sklar, Pamela and McCarthy, Mark I. and Brown, Matthew A. and Yang, Jian},
	month = jul,
	year = {2017},
	pages = {5--22}
}

@inproceedings{ref_quadric_error,
	title = {Surface simplification using quadric error metrics},
	isbn = {978-0-89791-896-1},
	doi = {10.1145/258734.258849},
	language = {en},
	booktitle = {Proceedings of the 24th annual conference on {Computer} graphics and interactive techniques  - {SIGGRAPH} '97},
	publisher = {ACM Press},
	author = {Garland, Michael and Heckbert, Paul S.},
	year = {1997},
	pages = {209--216}
}

@article{ref_avan,
	title = {Fully-automated left ventricular mass and volume {MRI} analysis in the {UK} {Biobank} population cohort: evaluation of initial results},
	volume = {34},
	copyright = {All rights reserved},
	issn = {1569-5794, 1573-0743},
	shorttitle = {Fully-automated left ventricular mass and volume {MRI} analysis in the {UK} {Biobank} population cohort},
	doi = {10.1007/s10554-017-1225-9},
	language = {en},
	number = {2},
	journal = {The International Journal of Cardiovascular Imaging},
	author = {Suinesiaputra, Avan and Sanghvi, Mihir M. and Aung, Nay and Paiva, Jose Miguel and Zemrak, Filip and Fung, Kenneth and Lukaschuk, Elena and Lee, Aaron M. and Carapella, Valentina and Kim, Young Jin and Francis, Jane and Piechnik, Stefan K. and Neubauer, Stefan and Greiser, Andreas and Jolly, Marie-Pierre and Hayes, Carmel and Young, Alistair A. and Petersen, Steffen E.},
	month = feb,
	year = {2018},
	pages = {281--291}
}

@article{ref_Eijgenraam,
	title = {Current understanding of fibrosis in genetic cardiomyopathies},
	volume = {30},
	issn = {10501738},
	doi = {10.1016/j.tcm.2019.09.003},
	language = {en},
	number = {6},
	journal = {Trends in Cardiovascular Medicine},
	author = {Eijgenraam, Tim R. and Silljé, Herman H.W. and de Boer, Rudolf A.},
	month = aug,
	year = {2020},
	pages = {353--361}
}


@article{mills_gwas_2020,
	title = {The {GWAS} {Diversity} {Monitor} tracks diversity by disease in real time},
	volume = {52},
	issn = {1061-4036, 1546-1718},
	doi = {10.1038/s41588-020-0580-y},
	language = {en},
	number = {3},
	journal = {Nature Genetics},
	author = {Mills, Melinda C. and Rahal, Charles},
	month = mar,
	year = {2020},
	pages = {242--243}
}

@article{pearson_pca,
author = { Karl   Pearson   F.R.S. },
title = {LIII. On lines and planes of closest fit to systems of points in space},
journal = {The London, Edinburgh, and Dublin Philosophical Magazine and Journal of Science},
volume = {2},
number = {11},
pages = {559-572},
year  = {1901},
publisher = {Taylor & Francis},
doi = {10.1080/14786440109462720},
} 

@book{goodfellow-et-al-2016,
    title={Deep Learning},
    author={Ian Goodfellow and Yoshua Bengio and Aaron Courville},
    publisher={MIT Press},
    note={\url{http://www.deeplearningbook.org}},
    year={2016}
}


@article{ref_dcm,
title = "Dilated cardiomyopathy",
author = "Heinz-Peter Schultheiss and DeLisa Fairweather and Caforio, {Alida L P} and Felicitas Escher and Hershberger, {Ray E} and Lipshultz, {Steven E} and Liu, {Peter P} and Akira Matsumori and Andrea Mazzanti and John McMurray and Priori, {Silvia G}",
year = "2019",
month = may,
day = "9",
doi = "10.1038/s41572-019-0084-1",
language = "English",
volume = "5",
pages = "32",
journal = "Nature Reviews Disease Primers",
issn = "2056-676X",
publisher = "Nature Publishing Group",
number = "1",

}


@article{ref_zhuang_regis_2O10,
  author    = {Xiahai Zhuang and
               Kawal S. Rhode and
               Reza Razavi and
               David J. Hawkes and
               S{\'{e}}bastien Ourselin},
  title     = {A Registration-Based Propagation Framework for Automatic Whole Heart
               Segmentation of Cardiac {MRI}},
  journal   = {{IEEE} Transactions in Medical Imaging},
  volume    = {29},
  number    = {9},
  pages     = {1612--1625},
  year      = {2010},
  url       = {https://doi.org/10.1109/TMI.2010.2047112},
  doi       = {10.1109/TMI.2010.2047112},
  biburl    = {https://dblp.org/rec/journals/tmi/ZhuangRRHO10.bib},
  bibsource = {dblp computer science bibliography, https://dblp.org}
}



@article{morales_standardized_2018,
	title = {A standardized framework for representation of ancestry data in genomics studies, with application to the {NHGRI}-{EBI} {GWAS} {Catalog}},
	volume = {19},
	issn = {1474-760X},
	doi = {10.1186/s13059-018-1396-2},
	language = {en},
	number = {1},
	journal = {Genome Biology},
	author = {Morales, Joannella and Welter, Danielle and Bowler, Emily H. and Cerezo, Maria and Harris, Laura W. and McMahon, Aoife C. and Hall, Peggy and Junkins, Heather A. and Milano, Annalisa and Hastings, Emma and Malangone, Cinzia and Buniello, Annalisa and Burdett, Tony and Flicek, Paul and Parkinson, Helen and Cunningham, Fiona and Hindorff, Lucia A. and MacArthur, Jacqueline A. L.},
	month = dec,
	year = {2018}
}

@inproceedings{ref_betavae,
  title={beta-VAE: Learning Basic Visual Concepts with a Constrained Variational Framework},
  author={I. Higgins and Lo{\"i}c Matthey and A. Pal and C. Burgess and Xavier Glorot and M. Botvinick and S. Mohamed and Alexander Lerchner},
  booktitle={ICLR},
  year={2017}
}


@article{itsara_population_2009,
	title = {Population {Analysis} of {Large} {Copy} {Number} {Variants} and {Hotspots} of {Human} {Genetic} {Disease}},
	volume = {84},
	issn = {00029297},
	doi = {10.1016/j.ajhg.2008.12.014},
	language = {en},
	number = {2},
	journal = {The American Journal of Human Genetics},
	author = {Itsara, Andy and Cooper, Gregory M. and Baker, Carl and Girirajan, Santhosh and Li, Jun and Absher, Devin and Krauss, Ronald M. and Myers, Richard M. and Ridker, Paul M. and Chasman, Daniel I. and Mefford, Heather and Ying, Phyllis and Nickerson, Deborah A. and Eichler, Evan E.},
	month = feb,
	year = {2009},
	pages = {148--161}
}


@article{granzier_giant_2004,
	title = {The {Giant} {Protein} {Titin}: {A} {Major} {Player} in {Myocardial} {Mechanics}, {Signaling}, and {Disease}},
	volume = {94},
	issn = {0009-7330, 1524-4571},
	shorttitle = {The {Giant} {Protein} {Titin}},
	language = {en},
	number = {3},
	journal = {Circulation Research},
	author = {Granzier, Henk L. and Labeit, Siegfried},
	month = feb,
	year = {2004},
	pages = {284--295}
}


@article{tayal_phenotype_2017,
	title = {Phenotype and {Clinical} {Outcomes} of {Titin} {Cardiomyopathy}},
	volume = {70},
	issn = {07351097},
	doi = {10.1016/j.jacc.2017.08.063},
	language = {en},
	number = {18},
	journal = {Journal of the American College of Cardiology},
	author = {Tayal, Upasana and Newsome, Simon and Buchan, Rachel and Whiffin, Nicola and Halliday, Brian and Lota, Amrit and Roberts, Angharad and Baksi, A. John and Voges, Inga and Midwinter, Will and Wilk, Alijca and Govind, Risha and Walsh, Roddy and Daubeney, Piers and Jarman, Julian W.E. and Baruah, Resham and Frenneaux, Michael and Barton, Paul J. and Pennell, Dudley and Ware, James S. and Prasad, Sanjay K. and Cook, Stuart A.},
	month = oct,
	year = {2017},
	pages = {2264--2274}
}


@article{gilbert_independent_2019,
	title = {Independent {Left} {Ventricular} {Morphometric} {Atlases} {Show} {Consistent} {Relationships} with {Cardiovascular} {Risk} {Factors}: {A} {UK} {Biobank} {Study}},
	volume = {9},
	issn = {2045-2322},
	shorttitle = {Independent {Left} {Ventricular} {Morphometric} {Atlases} {Show} {Consistent} {Relationships} with {Cardiovascular} {Risk} {Factors}},
	doi = {10.1038/s41598-018-37916-6},
	language = {en},
	number = {1},
	journal = {Scientific Reports},
	author = {Gilbert, Kathleen and Bai, Wenjia and Mauger, Charlene and Medrano-Gracia, Pau and Suinesiaputra, Avan and Lee, Aaron M. and Sanghvi, Mihir M. and Aung, Nay and Piechnik, Stefan K. and Neubauer, Stefan and Petersen, Steffen E. and Rueckert, Daniel and Young, Alistair A.},
	month = dec,
	year = {2019}
}


@article{medrano-gracia_left_2014,
	title = {Left ventricular shape variation in asymptomatic populations: the multi-ethnic study of atherosclerosis},
	volume = {16},
	issn = {1532-429X},
	shorttitle = {Left ventricular shape variation in asymptomatic populations},
	doi = {10.1186/s12968-014-0056-2},
	language = {en},
	number = {1},
	journal = {Journal of Cardiovascular Magnetic Resonance},
	author = {Medrano-Gracia, Pau and Cowan, Brett R and Ambale-Venkatesh, Bharath and Bluemke, David A and Eng, John and Finn, John Paul and Fonseca, Carissa G and Lima, Joao AC and Suinesiaputra, Avan and Young, Alistair A},
	month = dec,
	year = {2014}
}

@article{maclennan_2003,
	title = {The regulation of {SERCA}-type pumps by phospholamban and sarcolipin},
	shorttitle = {The regulation of {SERCA}-type pumps by phospholamban and sarcolipin},
	doi = {10.1111/j.1749-6632.2003.tb07231.x.},
	language = {en},
	volume = {986},
	pages = {472--480},
	journal = {Annals of the New York Academy of Sciences},
	author = {MacLennan, David H  and Asahi, Michio and Tupling, A Russell},
	month = apr,
	year = {2003}
}